@inproceedings{Krohn:2007,
 author = {Krohn, Maxwell and Yip, Alexander and Brodsky, Micah and Cliffer, Natan and Kaashoek, M. Frans and Kohler, Eddie and Morris, Robert},
 title = {Information Flow Control for Standard {OS} Abstractions},
 booktitle = {Proceedings of Twenty-first ACM SIGOPS Symposium on Operating Systems Principles},
 series = {SOSP '07},
 year = {2007},
 isbn = {978-1-59593-591-5},
 location = {Stevenson, Washington, USA},
 pages = {321--334},
 numpages = {14},
 doi = {10.1145/1294261.1294293},
 acmid = {1294293},
 publisher = {ACM},
 address = {New York, NY, USA},
 keywords = {DIFC, decentralized information flow control, endpoints, reference monitor, system call interposition, web services},
} 

@incollection{King:08,
year={2008},
isbn={978-3-540-89861-0},
booktitle={Proc. Information Systems Security (ICISS) 2008},
volume={5352},
series={Lecture Notes in Computer Science},
editor={Sekar, R. and Pujari, ArunK.},
doi={10.1007/978-3-540-89862-7_4},
title={Implicit Flows: Can't Live with 'Em, Can't Live without 'Em},
publisher={Springer Berlin Heidelberg},
author={King, Dave and Hicks, Boniface and Hicks, Michael and Jaeger, Trent},
pages={56-70},
language={English}
}


@ARTICLE{Yee:04, 
author={Ka-Ping Yee}, 
journal={Security Privacy, IEEE}, 
title={Aligning security and usability}, 
year={2004}, 
month={Sept}, 
volume={2}, 
number={5}, 
pages={48-55}, 
keywords={authorisation;software prototyping;user centred design;authorization;iterative design;security;usability;user expectations;Authorization;Computer bugs;Computer security;Design engineering;Fasteners;Information security;Privacy;Process design;Usability;User interfaces;Usability;design;interaction;security;user authorization}, 
doi={10.1109/MSP.2004.64}, 
ISSN={1540-7993},}

@article{Sabelfeld:2009,
 author = {Sabelfeld, Andrei and Sands, David},
 title = {Declassification: Dimensions and Principles},
 journal = {J. Comput. Secur.},
 issue_date = {October 2009},
 volume = {17},
 number = {5},
 month = oct,
 year = {2009},
 issn = {0926-227X},
 pages = {517--548},
 numpages = {32},
 publisher = {IOS Press},
 address = {Amsterdam, The Netherlands, The Netherlands},
 keywords = {Information flow, declassification},
} 

@inproceedings{Askarov:2007,
 author = {Askarov, Aslan and Sabelfeld, Andrei},
 title = {Gradual Release: Unifying Declassification, Encryption and Key Release Policies},
 booktitle = {Proceedings of the 2007 IEEE Symposium on Security and Privacy},
 series = {SP '07},
 year = {2007},
 isbn = {0-7695-2848-1},
 pages = {207--221},
 numpages = {15},
 url = {http://dx.doi.org/10.1109/SP.2007.22},
 doi = {10.1109/SP.2007.22},
 acmid = {1264207},
 publisher = {IEEE Computer Society},
 address = {Washington, DC, USA},
} 

@inproceedings{Roesner:12,
 author = {Roesner, Franziska and Kohno, Tadayoshi and Moshchuk, Alexander and Parno, Bryan and Wang, Helen J. and Cowan, Crispin},
 title = {User-Driven Access Control: Rethinking Permission Granting in Modern Operating Systems},
 booktitle = {Proceedings of the 2012 IEEE Symposium on Security and Privacy},
 series = {SP '12},
 year = {2012},
 isbn = {978-0-7695-4681-0},
 pages = {224--238},
 numpages = {15},
 url = {http://dx.doi.org/10.1109/SP.2012.24},
 doi = {10.1109/SP.2012.24},
 acmid = {2310678},
 publisher = {IEEE Computer Society},
 address = {Washington, DC, USA},
 keywords = {access control, user-driven access control, user intent, operating systems, access control gadgets, ACGs, permission granting, permissions, least-privilege, user-owned resources},
} 


@incollection{Clark:09,
 author = {Clark, David and Hunt, Sebastian},
 title = {Non-Interference for Deterministic Interactive Programs},
 booktitle = {Proc. Formal Aspects in Security and Trust},
 editor = {Degano, Pierpaolo and Guttman, Joshua and Martinelli, Fabio},
 year = {2009},
 isbn = {978-3-642-01464-2},
 pages = {50--66},
 numpages = {17},
 url = {http://dx.doi.org/10.1007/978-3-642-01465-9_4},
 doi = {10.1007/978-3-642-01465-9_4},
 acmid = {1533339},
 publisher = {Springer-Verlag},
 address = {Berlin, Heidelberg},
} 

@inproceedings{Rafnsson:12,
 author = {Rafnsson, Willard and Hedin, Daniel and Sabelfeld, Andrei},
 title = {Securing Interactive Programs},
 booktitle = {Proceedings of the 2012 IEEE 25th Computer Security Foundations Symposium},
 series = {CSF '12},
 year = {2012},
 isbn = {978-0-7695-4718-3},
 pages = {293--307},
 numpages = {15},
 url = {http://dx.doi.org/10.1109/CSF.2012.15},
 doi = {10.1109/CSF.2012.15},
 acmid = {2355255},
 publisher = {IEEE Computer Society},
 address = {Washington, DC, USA},
 keywords = {information flow, language-based security},
} 


@InProceedings{Chong:04,
  author =	 {Stephen Chong and Andrew C. Myers},
  title =	 {Security Policies for Downgrading},
  month =	 oct,
  year =	 2004,
  pages =	 {189--209},
  booktitle =	 {Proceedings of the 11th {ACM} Conference on Computer and Communications Security}
}

@InProceedings{Askarov:12,
  author = 	 {Aslan Askarov and Stephen Chong},
  title = 	 {Learning is Change in Knowledge: Knowledge-based Security for Dynamic Policies},
  booktitle =	 {Proceedings of the 25th {IEEE} Computer Security Foundations Symposium},
  year = 	 2012,
  month = 	 jun,
  pages =	 {308--322},
  publisher =    {IEEE Press},
  address = 	 {Piscataway, NJ, USA}
}

@inproceedings{Dimitrova:12,
 author = {Dimitrova, Rayna and Finkbeiner, Bernd and Kov\'{a}cs, M\'{a}t{\'e} and Rabe, Markus N. and Seidl, Helmut},
 title = {Model Checking Information Flow in Reactive Systems},
 booktitle = {Proceedings of the 13th International Conference on Verification, Model Checking, and Abstract Interpretation},
 series = {VMCAI'12},
 year = {2012},
 isbn = {978-3-642-27939-3},
 location = {Philadelphia, PA},
 pages = {169--185},
 numpages = {17},
 url = {http://dx.doi.org/10.1007/978-3-642-27940-9_12},
 doi = {10.1007/978-3-642-27940-9_12},
 acmid = {2189269},
 publisher = {Springer-Verlag},
 address = {Berlin, Heidelberg},
} 

@article{Aucher:11,
year={2011},
issn={0924-8463},
journal={Artificial Intelligence and Law},
volume={19},
number={2-3},
doi={10.1007/s10506-011-9114-3},
title={A dynamic logic for privacy compliance},
url={http://dx.doi.org/10.1007/s10506-011-9114-3},
publisher={Springer Netherlands},
author={Aucher, Guillaume and Boella, Guido and Torre, Leendert},
pages={187-231},
language={English}
}


@article{Nanevski:13,
 author = {Nanevski, Aleksandar and Banerjee, Anindya and Garg, Deepak},
 title = {Dependent Type Theory for Verification of Information Flow and Access Control Policies},
 journal = {ACM Trans. Program. Lang. Syst.},
 issue_date = {July 2013},
 volume = {35},
 number = {2},
 month = jul,
 year = {2013},
 issn = {0164-0925},
 pages = {6:1--6:41},
 articleno = {6},
 numpages = {41},
 url = {http://doi.acm.org/10.1145/2491522.2491523},
 doi = {10.1145/2491522.2491523},
 acmid = {2491523},
 publisher = {ACM},
 address = {New York, NY, USA},
 keywords = {Information flow, access control, type theory},
} 

@incollection{Jia:13,
year={2013},
isbn={978-3-642-40202-9},
booktitle={Computer Security â€“ ESORICS 2013},
volume={8134},
series={Lecture Notes in Computer Science},
editor={Crampton, Jason and Jajodia, Sushil and Mayes, Keith},
doi={10.1007/978-3-642-40203-6_43},
title={Run-Time Enforcement of Information-Flow Properties on {Android}},
url={http://dx.doi.org/10.1007/978-3-642-40203-6_43},
publisher={Springer Berlin Heidelberg},
author={Jia, Limin and Aljuraidan, Jassim and Fragkaki, Elli and Bauer, Lujo and Stroucken, Michael and Fukushima, Kazuhide and Kiyomoto, Shinsaku and Miyake, Yutaka},
pages={775-792}
}


@inproceedings{Chong:07,
 author = {Chong, Stephen and Vikram, K. and Myers, Andrew C.},
 title = {{SIF}: Enforcing Confidentiality and Integrity in Web Applications},
 booktitle = {Proceedings of 16th USENIX Security Symposium on USENIX Security Symposium},
 series = {SS'07},
 year = {2007},
 isbn = {111-333-5555-77-9},
 location = {Boston, MA},
 pages = {1:1--1:16},
 articleno = {1},
 numpages = {16},
 acmid = {1362904},
 publisher = {USENIX Association},
 address = {Berkeley, CA, USA},
} 

@inproceedings{Enck:10,
 author = {Enck, William and Gilbert, Peter and Chun, Byung-Gon and Cox, Landon P. and Jung, Jaeyeon and McDaniel, Patrick and Sheth, Anmol N.},
 title = {TaintDroid: An Information-flow Tracking System for Realtime Privacy Monitoring on Smartphones},
 booktitle = {Proceedings of the 9th USENIX Conference on Operating Systems Design and Implementation},
 series = {OSDI'10},
 year = {2010},
 location = {Vancouver, BC, Canada},
 pages = {1--6},
 numpages = {6},
 url = {http://dl.acm.org/citation.cfm?id=1924943.1924971},
 acmid = {1924971},
 publisher = {USENIX Association},
 address = {Berkeley, CA, USA},
} 

@article{Halpern:08,
 author = {Halpern, Joseph Y. and O'Neill, Kevin R.},
 title = {Secrecy in Multiagent Systems},
 journal = {ACM Trans. Inf. Syst. Secur.},
 issue_date = {October 2008},
 volume = {12},
 number = {1},
 month = oct,
 year = {2008},
 issn = {1094-9224},
 pages = {5:1--5:47},
 articleno = {5},
 numpages = {47},
 url = {http://doi.acm.org/10.1145/1410234.1410239},
 doi = {10.1145/1410234.1410239},
 acmid = {1410239},
 publisher = {ACM},
 address = {New York, NY, USA},
 keywords = {information flow, secrecy},
} 

@incollection{Balliu:13,
year={2013},
isbn={978-3-642-41487-9},
booktitle={Secure IT Systems},
volume={8208},
series={Lecture Notes in Computer Science},
editor={Riis Nielson, Hanne and Gollmann, Dieter},
doi={10.1007/978-3-642-41488-6_6},
title={A Logic for Information Flow Analysis of Distributed Programs},
url={http://dx.doi.org/10.1007/978-3-642-41488-6_6},
publisher={Springer Berlin Heidelberg},
keywords={possibilistic information flow; logic of knowledge; language-based security; verification},
author={Balliu, Musard},
pages={84-99}
}
@inproceedings{O'Neill:2006,
 author = {O'Neill, Kevin R. and Clarkson, Michael R. and Chong, Stephen},
 title = {Information-Flow Security for Interactive Programs},
 booktitle = {Proceedings of the 19th IEEE Workshop on Computer Security Foundations},
 series = {CSFW '06},
 year = {2006},
 isbn = {0-7695-2615-2},
 pages = {190--201},
 numpages = {12},
 url = {http://dx.doi.org/10.1109/CSFW.2006.16},
 doi = {10.1109/CSFW.2006.16},
 acmid = {1155677},
 publisher = {IEEE Computer Society},
 address = {Washington, DC, USA},
} 

@INPROCEEDINGS{Zdancewic:03,
author={Zdancewic, S. and Myers, A.C.}, 
booktitle={Computer Security Foundations Workshop, 2003. Proceedings. 16th IEEE}, 
title={Observational determinism for concurrent program security}, 
year={2003}, 
pages={29-43}, 
keywords={concurrency theory;data privacy;deterministic algorithms;programming languages;security of data;concurrent calculi;concurrent language;concurrent program;data confidentiality;data integrity;exploit information;first-class channel;high-order function;noninterference;observational determinism;program security;refinement attack;security policy;security-typed language;sequential program;thread scheduler;thread unboundedness;timing attack;well-typed program;Computer science;Computer security;Concurrent computing;Data security;Government;Information science;Information security;Timing;Web server;Yarn}, 
doi={10.1109/CSFW.2003.1212703}, 
ISSN={1063-6900}
}

@incollection{Barthe:02,
year={2002},
isbn={978-3-540-44044-4},
booktitle={Applied Semantics},
volume={2395},
series={Lecture Notes in Computer Science},
editor={Barthe, Gilles and Dybjer, Peter and Pinto, LuÃ­s and Saraiva, JoÃ£o},
title={The Join Calculus: A Language for Distributed Mobile Programming},
publisher={Springer Berlin Heidelberg},
author={Fournet, CÃ©dric and Gonthier, Georges},
pages={268-332},
language={English}
}

@unpublished{Ahmad:13,
    author = {Arbob Ahmad and Robert Harper},
    title = {An Epistemic Formulation of Information Flow Security},
    year = {2013},
    note = {\url{http://www.cs.cmu.edu/~adahmad/epi-if-draft.pdf}},
}
                  
@INPROCEEDINGS{Barthe:06,
    author = {Gilles Barthe and David Naumann and Tamara Rezk},
    title = {Deriving an information flow checker and certifying compiler for java},
    booktitle = {In 27th IEEE Symposium on Security and Privacy},
    year = {2006},
    pages = {230--242},
    publisher = {IEEE Press}
}

@INPROCEEDINGS{Myers:99,
    author = {Andrew C. Myers},
    title = {JFlow: Practical Mostly-Static Information Flow Control},
    booktitle = {In Proc. 26th ACM Symp. on Principles of Programming Languages (POPL},
    year = {1999},
    pages = {228--241}
}

@inproceedings{Barthe:05,
 author = {Barthe, Gilles and Rezk, Tamara},
 title = {Non-interference for a JVM-like language},
 booktitle = {Proceedings of the 2005 ACM SIGPLAN international workshop on Types in languages design and implementation},
 series = {TLDI '05},
 year = {2005},
 isbn = {1-58113-999-3},
 location = {Long Beach, California, USA},
 pages = {103--112},
 numpages = {10},
 url = {http://doi.acm.org/10.1145/1040294.1040304},
 doi = {10.1145/1040294.1040304},
 acmid = {1040304},
 publisher = {ACM},
 address = {New York, NY, USA},
 keywords = {confidentiality, low level languages, type systems},
}
 
@article{Barthe:07,
 author = {Barthe, Gilles and Rezk, Tamara and Basu, Amitabh},
 title = {Security types preserving compilation},
 journal = {Comput. Lang. Syst. Struct.},
 issue_date = {July, 2007},
 volume = {33},
 number = {2},
 month = jul,
 year = {2007},
 issn = {1477-8424},
 pages = {35--59},
 numpages = {25},
 doi = {10.1016/j.cl.2005.05.002},
 acmid = {1223704},
 publisher = {Elsevier Science Publishers B. V.},
 address = {Amsterdam, The Netherlands, The Netherlands},
 keywords = {Low-level languages, Non-interference, Program analysis, Security},
}
                  
@inproceedings{Walker:00,
 author = {Walker, David},
 title = {A type system for expressive security policies},
 booktitle = {Proceedings of the 27th ACM SIGPLAN-SIGACT symposium on Principles of programming languages},
 series = {POPL '00},
 year = {2000},
 isbn = {1-58113-125-9},
 location = {Boston, MA, USA},
 pages = {254--267},
 numpages = {14},
 url = {http://doi.acm.org/10.1145/325694.325728},
 doi = {10.1145/325694.325728},
 acmid = {325728},
 publisher = {ACM},
 address = {New York, NY, USA},
}

@inproceedings{Malecha:2010,
 author = {Malecha, Gregory and Chong, Stephen},
 title = {A more precise security type system for dynamic security tests},
 booktitle = {Proceedings of the 5th ACM SIGPLAN Workshop on Programming Languages and Analysis for Security},
 series = {PLAS '10},
 year = {2010},
 isbn = {978-1-60558-827-8},
 location = {Toronto, Canada},
 pages = {4:1--4:12},
 articleno = {4},
 numpages = {12},
 url = {http://doi.acm.org/10.1145/1814217.1814221},
 doi = {10.1145/1814217.1814221},
 acmid = {1814221},
 publisher = {ACM},
 address = {New York, NY, USA},
}

@INPROCEEDINGS{Zheng:04,
    author = {Lantian Zheng and Andrew C. Myers},
    title = {Dynamic security labels and noninterference},
    booktitle = {In Proc. 2nd Workshop on Formal Aspects in Security and Trust, IFIP TC1 WG1.7},
    year = {2004},
    pages = {27--40},
    publisher = {Springer}
}

@inproceedings{Austin:12,
 author = {Austin, Thomas H. and Flanagan, Cormac},
 title = {Multiple facets for dynamic information flow},
 booktitle = {Proceedings of the 39th annual ACM SIGPLAN-SIGACT symposium on Principles of programming languages},
 series = {POPL '12},
 year = {2012},
 isbn = {978-1-4503-1083-3},
 location = {Philadelphia, PA, USA},
 pages = {165--178},
 numpages = {14},
 url = {http://doi.acm.org/10.1145/2103656.2103677},
 doi = {10.1145/2103656.2103677},
 acmid = {2103677},
 publisher = {ACM},
 address = {New York, NY, USA},
 keywords = {dynamic analysis, information flow control, javascript, web security},
}

@article{Denning:1977,
 author = {Denning, Dorothy E. and Denning, Peter J.},
 title = {Certification of programs for secure information flow},
 journal = {Commun. ACM},
 issue_date = {July 1977},
 volume = {20},
 number = {7},
 month = jul,
 year = {1977},
 issn = {0001-0782},
 pages = {504--513},
 numpages = {10},
 url = {http://doi.acm.org/10.1145/359636.359712},
 doi = {10.1145/359636.359712},
 acmid = {359712},
 publisher = {ACM},
 address = {New York, NY, USA},
 keywords = {confinement, information flow, lattice, program certification, protection, security, security classes},
}
@INPROCEEDINGS{Hicks:06,
    author = {Boniface Hicks, Kiyan Ahmadizadeh, Patrick Mcdaniel},
    title = {From Languages to Systems: Understanding Practical Application Development in Security-typed Languages},
    booktitle = {In Proceedings of the 22nd Annual Computer Security Applications Conference (ACSAC 2006},
    year = {2006},
    pages = {11--15}
}
@inproceedings{Dam:06,
 author = {Dam, Mads},
 title = {Decidability and proof systems for language-based noninterference relations},
 booktitle = {Conference record of the 33rd ACM SIGPLAN-SIGACT symposium on Principles of programming languages},
 series = {POPL '06},
 year = {2006},
 isbn = {1-59593-027-2},
 location = {Charleston, South Carolina, USA},
 pages = {67--78},
 numpages = {12},
 url = {http://doi.acm.org/10.1145/1111037.1111044},
 doi = {10.1145/1111037.1111044},
 acmid = {1111044},
 publisher = {ACM},
 address = {New York, NY, USA},
 keywords = {information flow, intransitive noninterference, language-based security, multi-level security, noninterference}
} 
@inproceedings{Hritchu:13,
 author = {Catalin Hritcu, John Hughes, Benjamin C. Pierce, Antal Spector-Zabusky, Dimitrios Vytiniotis, Arthur Azevedo de Amorim and Leonidas Lampropoulos},
 title = {Testing Noninterference, Quickly},
 series = {ICFP '13},
 year = {2013},
 location = {Boston, Massachusetts, USA},
 publisher = {ACM},
 address = {New York, NY, USA}
}
@inproceedings{Balliu:11,
 author = {Balliu, Musard and Dam, Mads and Le Guernic, Gurvan},
 title = {Epistemic Temporal Logic for Information Flow Security},
 booktitle = {Proceedings of the ACM SIGPLAN 6th Workshop on Programming Languages and Analysis for Security},
 series = {PLAS '11},
 year = {2011},
 isbn = {978-1-4503-0830-4},
 location = {San Jose, California},
 pages = {6:1--6:12},
 articleno = {6},
 numpages = {12},
 url = {http://doi.acm.org/10.1145/2166956.2166962},
 doi = {10.1145/2166956.2166962},
 acmid = {2166962},
 publisher = {ACM},
 address = {New York, NY, USA},
 keywords = {declassification, epistemic logic, information flow, noninterference},
} 
@inproceedings{Bohannon:09,
 author = {Bohannon, Aaron and Pierce, Benjamin C. and Sj\"{o}berg, Vilhelm and Weirich, Stephanie and Zdancewic, Steve},
 title = {Reactive Noninterference},
 booktitle = {Proceedings of the 16th ACM Conference on Computer and Communications Security},
 series = {CCS '09},
 year = {2009},
 isbn = {978-1-60558-894-0},
 location = {Chicago, Illinois, USA},
 pages = {79--90},
 numpages = {12},
 url = {http://doi.acm.org/10.1145/1653662.1653673},
 doi = {10.1145/1653662.1653673},
 acmid = {1653673},
 publisher = {ACM},
 address = {New York, NY, USA},
 keywords = {information flow, noninterference, reactive programming, web applications, web browsers},
} 
@inproceedings{O'Neill:06,
 author = {O'Neill, Kevin R. and Clarkson, Michael R. and Chong, Stephen},
 title = {Information-Flow Security for Interactive Programs},
 booktitle = {Proceedings of the 19th IEEE Workshop on Computer Security Foundations},
 series = {CSFW '06},
 year = {2006},
 isbn = {0-7695-2615-2},
 pages = {190--201},
 numpages = {12},
 url = {http://dx.doi.org/10.1109/CSFW.2006.16},
 doi = {10.1109/CSFW.2006.16},
 acmid = {1155677},
 publisher = {IEEE Computer Society},
 address = {Washington, DC, USA},
} 

@INPROCEEDINGS{Garg:06,
    author = {Deepak Garg and Lujo Bauer and Kevin D. Bowers and Frank Pfenning and Michael K. Reiter},
    title = {A linear logic of authorization and knowledge},
    booktitle = {In Proceedings of the 11th European Symposium on Research in Computer Security},
    year = {2006},
    pages = {297--312}
}

@incollection{Lee:09,
year={2009},
isbn={978-3-642-02137-4},
booktitle={Formal Techniques for Distributed Systems},
volume={5522},
series={Lecture Notes in Computer Science},
editor={Lee, David and Lopes, AntÃ³nia and Poetzsch-Heffter, Arnd},
doi={10.1007/978-3-642-02138-1_12},
title={Epistemic Logic for the Applied Pi Calculus},
url={http://dx.doi.org/10.1007/978-3-642-02138-1_12},
publisher={Springer Berlin Heidelberg},
author={Chadha, Rohit and Delaune, StÃ©phanie and Kremer, Steve},
pages={182-197}
}

@INPROCEEDINGS{Sabelfeld:04,
    author = {Andrei Sabelfeld and Andrew C. Myers},
    title = {A Model for Delimited Information Release},
    booktitle = {In Proc. International Symp. on Software Security (ISSS'03), volume 3233 of LNCS},
    year = {2004},
    pages = {174--191},
    publisher = {Springer-Verlag}
}

@inproceedings{Li:05,
 author = {Li, Peng and Zdancewic, Steve},
 title = {Downgrading Policies and Relaxed Noninterference},
 booktitle = {Proceedings of the 32Nd ACM SIGPLAN-SIGACT Symposium on Principles of Programming Languages},
 series = {POPL '05},
 year = {2005},
 isbn = {1-58113-830-X},
 location = {Long Beach, California, USA},
 pages = {158--170},
 numpages = {13},
 url = {http://doi.acm.org/10.1145/1040305.1040319},
 doi = {10.1145/1040305.1040319},
 acmid = {1040319},
 publisher = {ACM},
 address = {New York, NY, USA},
 keywords = {downgrading policies, information flow, language-based security, program equivalence, relaxed noninterference},
} 

@INPROCEEDINGS{Sabelfeld:05,
author={Sabelfeld, A. and Sands, D.}, 
booktitle={Computer Security Foundations, 2005. CSFW-18 2005. 18th IEEE Workshop}, 
title={Dimensions and principles of declassification}, 
year={2005}, 
month={June}, 
pages={255-269}, 
keywords={security of data;declassification dimensions;declassification principles;information release mechanism;secret information extraction;sensitive information declassification;Computer science;Credit cards;Data mining;Databases;Information security;Lead;Protocols;Remuneration;Roads;World Wide Web}, 
doi={10.1109/CSFW.2005.15}, 
ISSN={1063-6900},}
                  
@techreport{Jeon:2012,
  author = {Jinseong Jeon and Kristopher K. Micinski and Jeffrey S. Foster},
  title = {{SymDroid: Symbolic Execution for Dalvik Bytecode}},
  institution = {Department of Computer Science, University of Maryland, College Park},
  year = {2012},
  number = {CS-TR-5022},
  month = {July},
}
                  
@inproceedings{Cohen:1977,
 author = {Cohen, Ellis},
 title = {Information Transmission in Computational Systems},
 booktitle = {Proceedings of the Sixth ACM Symposium on Operating Systems Principles},
 series = {SOSP '77},
 year = {1977},
 location = {West Lafayette, Indiana, USA},
 pages = {133--139},
 numpages = {7},
 url = {http://doi.acm.org/10.1145/800214.806556},
 doi = {10.1145/800214.806556},
 acmid = {806556},
 publisher = {ACM},
 address = {New York, NY, USA},
} 
                  
@inproceedings{Pnueli:1977,
 author = {Pnueli, Amir},
 title = {The Temporal Logic of Programs},
 booktitle = {Proceedings of the 18th Annual Symposium on Foundations of Computer Science},
 series = {SFCS '77},
 year = {1977},
 pages = {46--57},
 numpages = {12},
 url = {http://dx.doi.org/10.1109/SFCS.1977.32},
 doi = {10.1109/SFCS.1977.32},
 acmid = {1382534},
 publisher = {IEEE Computer Society},
 address = {Washington, DC, USA},
} 
                  
@inproceedings{Gabbay:1980,
 author = {Gabbay, Dov and Pnueli, Amir and Shelah, Saharon and Stavi, Jonathan},
 title = {On the Temporal Analysis of Fairness},
 booktitle = {Proceedings of the 7th ACM SIGPLAN-SIGACT Symposium on Principles of Programming Languages},
 series = {POPL '80},
 year = {1980},
 isbn = {0-89791-011-7},
 location = {Las Vegas, Nevada},
 pages = {163--173},
 numpages = {11},
 url = {http://doi.acm.org/10.1145/567446.567462},
 doi = {10.1145/567446.567462},
 acmid = {567462},
 publisher = {ACM},
 address = {New York, NY, USA},
} 
                  
@incollection{Clarkson:2014,
year={2014},
isbn={978-3-642-54791-1},
booktitle={Principles of Security and Trust},
volume={8414},
series={Lecture Notes in Computer Science},
editor={Abadi, MartÃ­n and Kremer, Steve},
doi={10.1007/978-3-642-54792-8_15},
title={Temporal Logics for Hyperproperties},
url={http://dx.doi.org/10.1007/978-3-642-54792-8_15},
publisher={Springer Berlin Heidelberg},
author={Clarkson, Michael R. and Finkbeiner, Bernd and Koleini, Masoud and Micinski, Kristopher K. and Rabe, Markus N. and SÃ¡nchez, CÃ©sar},
pages={265-284},
language={English}
}
                  
@article{King:1976,
 author = {King, James C.},
 title = {Symbolic Execution and Program Testing},
 journal = {Commun. ACM},
 issue_date = {July 1976},
 volume = {19},
 number = {7},
 month = jul,
 year = {1976},
 issn = {0001-0782},
 pages = {385--394},
 numpages = {10},
 url = {http://doi.acm.org/10.1145/360248.360252},
 doi = {10.1145/360248.360252},
 acmid = {360252},
 publisher = {ACM},
 address = {New York, NY, USA},
 keywords = {program debugging, program proving, program testing, program verification, symbolic execution, symbolic interpretation},
} 
                  
@incollection{deMoura:2008,
year={2008},
isbn={978-3-540-78799-0},
booktitle={Tools and Algorithms for the Construction and Analysis of Systems},
volume={4963},
series={Lecture Notes in Computer Science},
editor={Ramakrishnan, C.R. and Rehof, Jakob},
doi={10.1007/978-3-540-78800-3_24},
title={Z3: An Efficient {SMT} Solver},
url={http://dx.doi.org/10.1007/978-3-540-78800-3_24},
publisher={Springer Berlin Heidelberg},
author={de Moura, Leonardo and BjÃ¸rner, Nikolaj},
pages={337-340},
language={English}
}

@misc{Android:15,
  author = {Google},
  title = {{Managing the Activity Lifecycle}},
  year = 2015,
  url = {http://developer.android.com/training/basics/activity-lifecycle/index.html},
  urldate = {2015-02-08}
}

@INPROCEEDINGS{Pnueli:77, 
author={Pnueli, Amir}, 
booktitle={Foundations of Computer Science, 1977., 18th Annual Symposium on}, 
title={The temporal logic of programs}, 
year={1977}, 
month={Oct}, 
pages={46-57}, 
keywords={Clocks;Logic;Operating systems;Power system modeling;Programming profession;Real time systems;Reasoning about programs;Safety;Stress;System recovery}, 
doi={10.1109/SFCS.1977.32}, 
ISSN={0272-5428},}
                  
@inproceedings{Chen:13,
  added-at = {2013-09-18T00:00:00.000+0200},
  author = {Chen, Kevin Zhijie and Johnson, Noah M. and D'Silva, Vijay and Dai, Shuaifu and MacNamara, Kyle and Magrino, Tom and Wu, Edward XueJun and Rinard, Martin and Song, Dawn Xiaodong},
  biburl = {http://www.bibsonomy.org/bibtex/2590958c8d0baf51ec0c4b168d04f0138/dblp},
  booktitle = {NDSS},
  ee = {http://internetsociety.org/doc/contextual-policy-enforcement-android-applications-permission-event-graphs},
  interhash = {95dbfbeb0890499542ac762a1adeb5d3},
  intrahash = {590958c8d0baf51ec0c4b168d04f0138},
  keywords = {dblp},
  publisher = {The Internet Society},
  timestamp = {2013-09-18T00:00:00.000+0200},
  title = {Contextual Policy Enforcement in {Android} Applications with Permission Event Graphs.},
  url = {http://dblp.uni-trier.de/db/conf/ndss/ndss2013.html#ChenJDDMMWRS13},
  year = 2013
}
@incollection{Lichtenstein:85,
year={1985},
isbn={978-3-540-15648-2},
booktitle={Logics of Programs},
volume={193},
series={Lecture Notes in Computer Science},
editor={Parikh, Rohit},
doi={10.1007/3-540-15648-8_16},
title={The glory of the past},
url={http://dx.doi.org/10.1007/3-540-15648-8_16},
publisher={Springer Berlin Heidelberg},
author={Lichtenstein, Orna and Pnueli, Amir and Zuck, Lenore},
pages={196-218},
language={English}
}
@article{Clarkson:10,
 author = {Clarkson, Michael R. and Schneider, Fred B.},
 title = {Hyperproperties},
 journal = {J. Comput. Secur.},
 issue_date = {September 2010},
 volume = {18},
 number = {6},
 month = sep,
 year = {2010},
 issn = {0926-227X},
 pages = {1157--1210},
 numpages = {54},
 url = {http://dl.acm.org/citation.cfm?id=1891823.1891830},
 acmid = {1891830},
 publisher = {IOS Press},
 address = {Amsterdam, The Netherlands, The Netherlands},
 keywords = {Security policies, information flow, liveness, safety},
} 
@INPROCEEDINGS{Clarkson:08,
author={Clarkson, M.R. and Schneider, F.B.}, 
booktitle={Computer Security Foundations Symposium, 2008. CSF '08. IEEE 21st}, 
title={Hyperproperties}, 
year={2008}, 
month={June}, 
pages={51-65}, 
keywords={Computer science;Computer security;Delay effects;Information security;Safety;Topology;Writing;Security policies;liveness;safety}, 
doi={10.1109/CSF.2008.7}, 
ISSN={1940-1434},
}
@inproceedings{Rastogi:13,
  author = {Aseem Rastogi and Piotr Mardziel and Matthew Hammer and Michael Hicks},
  title = {Knowledge Inference for Optimizing Secure Multi-party Computation},
  month = {June},
  year = {2013},
  booktitle = {ACM SIGPLAN Workshop on Programming Languages and Analysis for Security (PLAS)},
}
@inproceedings{Vaughan:2011,
 author = {Vaughan, Jeffrey A. and Chong, Stephen},
 title = {Inference of Expressive Declassification Policies},
 booktitle = {Proceedings of the 2011 IEEE Symposium on Security and Privacy},
 series = {SP '11},
 year = {2011},
 isbn = {978-0-7695-4402-1},
 pages = {180--195},
 numpages = {16},
 url = {http://dx.doi.org/10.1109/SP.2011.20},
 doi = {10.1109/SP.2011.20},
 acmid = {2006765},
 publisher = {IEEE Computer Society},
 address = {Washington, DC, USA},
 keywords = {declassification policies, information flow, language-based security, inference of security policies},
} 
@article{Cadar:13,
 author = {Cadar, Cristian and Sen, Koushik},
 title = {Symbolic Execution for Software Testing: Three Decades Later},
 journal = {Commun. ACM},
 issue_date = {February 2013},
 volume = {56},
 number = {2},
 month = feb,
 year = {2013},
 issn = {0001-0782},
 pages = {82--90},
 numpages = {9},
 url = {http://doi.acm.org/10.1145/2408776.2408795},
 doi = {10.1145/2408776.2408795},
 acmid = {2408795},
 publisher = {ACM},
 address = {New York, NY, USA},
} 
@inproceedings{Myers:1999,
 author = {Myers, Andrew C.},
 title = {JFlow: Practical Mostly-static Information Flow Control},
 booktitle = {Proceedings of the 26th ACM SIGPLAN-SIGACT Symposium on Principles of Programming Languages},
 series = {POPL '99},
 year = {1999},
 isbn = {1-58113-095-3},
 location = {San Antonio, Texas, USA},
 pages = {228--241},
 numpages = {14},
 url = {http://doi.acm.org/10.1145/292540.292561},
 doi = {10.1145/292540.292561},
 acmid = {292561},
 publisher = {ACM},
 address = {New York, NY, USA},
} 
@inproceedings{Yang:2013,
 author = {Yang, Zhemin and Yang, Min and Zhang, Yuan and Gu, Guofei and Ning, Peng and Wang, X. Sean},
 title = {AppIntent: analyzing sensitive data transmission in {Android} for privacy leakage detection},
 booktitle = {Proceedings of the 2013 ACM SIGSAC conference on Computer \&\#38; communications security},
 series = {CCS '13},
 year = {2013},
 isbn = {978-1-4503-2477-9},
 location = {Berlin, Germany},
 pages = {1043--1054},
 numpages = {12},
 url = {http://doi.acm.org/10.1145/2508859.2516676},
 doi = {10.1145/2508859.2516676},
 acmid = {2516676},
 publisher = {ACM},
 address = {New York, NY, USA},
 keywords = {android security, privacy leakage detection, symbolic execution},
} 
@inproceedings{Ma:2011,
 author = {Ma, Kin-Keung and Phang, Khoo Yit and Foster, Jeffrey S. and Hicks, Michael},
 title = {Directed Symbolic Execution},
 booktitle = {Proceedings of the 18th International Conference on Static Analysis},
 series = {SAS'11},
 year = {2011},
 isbn = {978-3-642-23701-0},
 location = {Venice, Italy},
 pages = {95--111},
 numpages = {17},
 url = {http://dl.acm.org/citation.cfm?id=2041552.2041563},
 acmid = {2041563},
 publisher = {Springer-Verlag},
 address = {Berlin, Heidelberg},
} 
