@inproceedings(Wat07,
  author    = {Robert N. M. Watson},
  title     = {Exploiting concurrency vulnerabilities in system call wrappers},
  booktitle = {WOOT},
  year      = {2007},
  pages     = {1--8},
  location  = {Boston, MA},
  publisher = {USENIX Association},
  address   = {Berkeley, CA, USA},
)

@article(EOM09, 
  author={Enck, W. and Ongtang, M. and McDaniel, P.}, 
  journal={Security Privacy, IEEE}, 
  title={Understanding Android Security}, 
  year={2009}, 
  month={jan.}, 
  volume={7}, 
  number={1}, 
  pages={50--57})

@conference{barrera2010methodology,
  title={{A methodology for empirical analysis of permission-based security models and its application to android}},
  author={Barrera, D. and Kayacik, H.G. and van Oorschot, P.C. and Somayaji, A.},
  booktitle={CCS},
  pages={73--84},
  year={2010},
}
@conference{ongtang2009semantically,
  title={{Semantically rich application-centric security in android}},
  author={Ongtang, M. and McLaughlin, S. and Enck, W. and McDaniel, P.},
  booktitle={ACSAC},
  pages={340--349},
  year={2009},
}
@conference{enck2009lightweight,
  title={{On lightweight mobile phone application certification}},
  author={Enck, W. and Ongtang, M. and McDaniel, P.},
  booktitle={CCS},
  pages={235--245},
  year={2009},
}

@inproceedings{taintdroid,
 author = {Enck, William and Gilbert, Peter and Chun, Byung-Gon and Cox, Landon P. and Jung, Jaeyeon and McDaniel, Patrick and Sheth, Anmol N.t},
 title = {{TaintDroid: an information-flow tracking system for realtime privacy monitoring on smartphones}},
 booktitle = {OSDI},
 year = {2010},
} 

@inproceedings{ded,
author = {William Enck and Damien Octeau and Patrick McDaniel and Swarat Chaudhuri},
title = {{A Study of Android Application Security}},
booktitle = {USENIX Security},
year = 2011,
}

@inproceedings{mockdroid,
 author = {Alastair R. Beresford and Andrew Rice and Nicholas Skehin and Ripduman Sohan},
 title = {{MockDroid: trading privacy for application functionality on smartphones}},
 booktitle = {HotMobile},
 year = {2011},
}

@InProceedings{apex,
  title =	"Apex: extending Android permission model and
		 enforcement with user-defined runtime constraints",
  author =	"Mohammad Nauman and Sohail Khan and Xinwen Zhang",
  booktitle =	"ASIACCS",
  year = 	"2010",
  pages =	"328--332",
}

@Misc{website:google-blog,
  author = 	 {Google},
  title = 	 {{10 Billion Android Market Downloads and Counting}},
  month = 	 dec,
  year = 	 2011,
  note = 	 {\url{http://android-developers.blogspot.com/2011/12/10-billion-android-market-downloads-and.html}}}

  @Misc{website:htc-logger,
  author = 	 {{Android Police}},
  title = 	 {{Massive Security Vulnerability In HTC Android Devices (EVO 3D, 4G, Thunderbolt, Others) Exposes Phone Numbers, GPS, SMS, Emails Addresses, Much More}},
  month = 	 oct,
  year = 	 2011,
  note = 	 {\url{http://www.androidpolice.com/2011/10/01/massive-security-vulnerability-in-htc-android-devices-} \url{evo-3d-4g-thunderbolt-others-exposes-phone-numbers-} \url{gps-sms-emails-addresses-much-more}}}
  
@InProceedings{felt11:webapps,
  author = 	 {Adrienne Porter Felt and Kate Greenwood and David Wagner},
  title = 	 {{The Effectiveness of Application Permissions}},
  booktitle = {WebApps},
  year = 	 2011}

@InProceedings{chin11:mobisys,
  author = 	 {Erika Chin and Adrienne Porter Felt and Kate Greenwood and David Wagner},
  title = 	 {{Analyzing Inter-Application Communication in Android}},
  booktitle = {MobiSys},
  year = 	 2011}
  
@Misc{pandora-contacts,
  author = 	 {Chris Moor},
  title = 	 {{New Pandora update now requests your contacts}},
  month = 	 {Aug. 17},
  year = 	 2010,
  note = 	 {\url{http://www.talkandroid.com/11178-new-pandora-update-now-requests-your-contacts/}}}

@Misc{neilsen:q311,
  author = 	 {Zach Epstein},
  title = 	 {{Nielsen: Android expands smartphone OS lead in Q3, Apple still top vendor}},
  month = 	 {Nov. 3},
  year = 	 2011,
  note = 	 {\url{http://www.bgr.com/2011/11/03/nielsen-android-expands-smartphone-os-lead-in-q3-apple-still-top-vendor/}}}

@Misc{gartner:q311,
  author = 	 {Gartner},
  title = 	 {{Gartner Says Sales of Mobile Devices Grew 5.6 Percent in Third Quarter of 2011; Smartphone Sales Increased 42 Percent}},
  month = 	 {Nov. 15},
  year = 	 2011,
  note = 	 {\url{http://www.gartner.com/it/page.jsp?id=1848514}}}

@Misc{apktool,
  author = {Google},
  title = {{Tool for reengineering Android apk files}},
  note = {\url{http://code.google.com/p/android-apktool/}}}



@InProceedings{felt:ccs11,
  author = 	 {Adrienne Porter Felt and Erika Chin and Steve Hanna and Dawn Song and David Wagner},
  title = 	 {Android Permissions Demystified},
  booktitle = {CCS},
  year = 	 2011}

@InProceedings{vidas:w2sp11,
  author = 	 {Timothy Vidas and Nicolas Christin and Lorrie Faith Cranor},
  title = 	 {{Curbing Android Permission Creep}},
  booktitle = {W2SP},
  year = 	 2011}

@article{zhou2011taming,
  title={Taming information-stealing smartphone applications (on Android)},
  author={Zhou, Y. and Zhang, X. and Jiang, X. and Freeh, V.},
  journal={Trust and Trustworthy Computing},
  pages={93--107},
  year={2011},
}

@inproceedings{Hornyack:2011:TAD:2046707.2046780,
 author = {Hornyack, Peter and Han, Seungyeop and Jung, Jaeyeon and Schechter, Stuart and Wetherall, David},
 title = {These aren't the droids you're looking for: retrofitting android to protect data from imperious applications},
 booktitle = {CCS},
 year = {2011},
 pages = {639--652},
} 

@inproceedings{felt2011permission,
  title={{Permission re-delegation: Attacks and defenses}},
  author={Felt, A.P. and Wang, H. and Moshchuk, A. and Hanna, S. and Chin, E.},
  booktitle={USENIX Security},
  year={2011}
}

@InProceedings{grace:ndss12,
  author = 	 {Michael Grace and Yajin Zhou and Zhi Wang and Xuxian Jiang},
  title = 	 {{Systematic Detection of Capability Leaks in Stock Android Smartphones}},
  booktitle = {NDSS},
  year = 	 2012,
  note = 	 {To appear}}

