@inproceedings{jsjeon:spsm12,
  author = {Jinseong Jeon and Kristopher K. Micinski and Jeffrey A. Vaughan and Ari Fogel and Nikhilesh Reddy and Jeffrey S. Foster and Todd Millstein},
  title = {{Dr. Android and Mr. Hide: Fine-grained Permissions in Android Applications}},
  booktitle = {ACM CCS Workshop on Security and Privacy in Smartphones and Mobile Devices (SPSM)},
  pages = {3--14},
  year = {2012},
}
@inproceedings{wei:pmp2012,
 author = {Wei, Xuetao and Gomez, Lorenzo and Neamtiu, Iulian and Faloutsos, Michalis},
 title = {ProfileDroid: multi-layer profiling of android applications},
 booktitle = {Proceedings of the 18th annual international conference on Mobile computing and networking},
 series = {Mobicom '12},
 year = {2012},
 isbn = {978-1-4503-1159-5},
 location = {Istanbul, Turkey},
 pages = {137--148},
 numpages = {12},
 url = {http://doi.acm.org/10.1145/2348543.2348563},
 acmid = {2348563},
 publisher = {ACM},
 address = {New York, NY, USA},
 keywords = {android apps, google android, monitoring, profiling, system},
} 
@online{latitude-calculator,
author = {{National Geospatial-Intelligence Agency}},
title =  {Length of degree calculator},
month = feb,
year = {2013},
url = {http://msi.nga.mil/MSISiteContent/StaticFiles/Calculators/degree.html}
}
@online{dalvik-bytecode,
author = {Google},
title = {Bytecode for the Dalvik VM},
month = feb,
year = {2013},
url = {http://source.android.com/tech/dalvik/dalvik-bytecode.html}
}
@online{dalvik,
author = {Google},
title = {Dalvik Virtual Machine},
month = feb,
year = {2013},
url = {http://code.google.com/p/dalvik/}
}
@inproceedings{Shokri:2011,
 author = {Shokri, Reza and Theodorakopoulos, George and Le Boudec, Jean-Yves and Hubaux, Jean-Pierre},
 title = {Quantifying Location Privacy},
 booktitle = {IEEE Symposium on Security and Privacy (SP)},
 year = {2011},
 isbn = {978-0-7695-4402-1},
 pages = {247--262},
 numpages = {16},
 doi = {doi:10.1109/SP.2011.18},
 acmid = {2006769},
 keywords = {Location Privacy, Evaluation Framework, Location Traces, Quantifying Metric, Location-Privacy Meter},
}
@inproceedings{Shokri:2012,
 author = {Shokri, Reza and Theodorakopoulos, George and Troncoso, Carmela and Hubaux, Jean-Pierre and Le Boudec, Jean-Yves},
 title = {Protecting location privacy: optimal strategy against localization attacks},
 booktitle = {2012 ACM conference on Computer and Communications Security (CCS)},
 year = {2012},
 isbn = {978-1-4503-1651-4},
 pages = {617--627},
 numpages = {11},
 doi = {doi:10.1145/2382196.2382261},
 acmid = {2382261},
 keywords = {location inference attacks, location privacy, location-based services, optimal defense strategy, privacy protection, service quality, stackelberg bayesian games},
} 
@inproceedings{Beresford:2004,
 author = {Beresford, Alastair R. and Stajano, Frank},
 title = {Mix Zones: User Privacy in Location-aware Services},
 booktitle = {IEEE Conference on Pervasive Computing and Communications Workshops (PERCOMW)},
 year = {2004},
 isbn = {0-7695-2106-1},
 pages = {127--},
 acmid = {978634},
} 
@inproceedings{Bettini:2005,
 author = {Bettini, Claudio and Wang, X. Sean and Jajodia, Sushil},
 title = {Protecting privacy against location-based personal identification},
 booktitle = {VDLB International Conference on Secure Data Management (SDM)},
 year = {2005},
 isbn = {3-540-28798-1, 978-3-540-28798-8},
 pages = {185--199},
 numpages = {15},
 acmid = {2104734},
} 
@INPROCEEDINGS{Hoh:2005, 
author={Baik Hoh and Gruteser, M.}, 
booktitle={Security and Privacy for Emerging Areas in Communications Networks},
title={Protecting Location Privacy Through Path Confusion}, 
year={2005}, 
volume={}, 
number={}, 
pages={194--205}, 
keywords={Automotive engineering;Communications technology;Constraint optimization;Continuous improvement;Costs;Data privacy;Global Positioning System;Protection;Quality of service;Trajectory;}, 
doi={10.1109/SECURECOMM.2005.33}, 
ISSN={},}
@inproceedings{Gruteser:2003,
 author = {Gruteser, Marco and Grunwald, Dirk},
 title = {Anonymous Usage of Location-Based Services Through Spatial and Temporal Cloaking},
 booktitle = {International Conference on Mobile Systems, Applications and Services (MobiSys)},
 year = {2003},
 pages = {31--42},
 numpages = {12},
 doi = {10.1145/1066116.1189037},
 acmid = {1189037},
} 
@inproceedings{Brush:2010,
 author = {Brush, A.J. Bernheim and Krumm, John and Scott, James},
 title = {Exploring end user preferences for location obfuscation, location-based services, and the value of location},
 booktitle = {ACM International Conference on Ubiquitous Computing (Ubicomp)},
 year = {2010},
 isbn = {978-1-60558-843-8},
 pages = {95--104},
 numpages = {10},
 doi = {10.1145/1864349.1864381},
 acmid = {1864381},
 keywords = {anonymization, computational location privacy, location, obfuscation, privacy},
}
@online{dalvik,
title = {Robotium --- Android test automation framework},
month = feb,
year = {2013},
url = {http://code.google.com/p/robotium/}
}
@inproceedings{Gruteser:2005,
 author = {Gruteser, Marco and Hoh, Baik},
 title = {On the anonymity of periodic location samples},
 booktitle = {International Conference on Security in Pervasive Computing (SPC)},
 year = {2005},
 isbn = {3-540-25521-4, 978-3-540-25521-5},
 pages = {179--192},
 numpages = {14},
 acmid = {2154070},
} 
@techreport{jsjeon:troyd,
  author = {Jinseong Jeon and Jeffrey S. Foster},
  title = {{Troyd: Integration Testing for Android}},
  institution = {Department of Computer Science, University of Maryland, College Park},
  year = {2012},
  number = {CS-TR-5013},
  month = {August},
}
@article{Amini:2010,
 author = {Amini, Shahriyar and Lindqvist, Janne and Hong, Jason I. and Mou, Maladau and Raheja, Rahul and Lin, Jialiu and Sadeh, Norman and Tochb, Eran},
 title = {Cach\'{e} caching location-enhanced content to improve user privacy},
 journal = {SIGMOBILE Mob. Comput. Commun. Rev.},
 issue_date = {July 2010},
 volume = {14},
 number = {3},
 month = dec,
 year = {2010},
 issn = {1559-1662},
 pages = {19--21},
 numpages = {3},
 doi = {10.1145/1923641.1923649},
 acmid = {1923649},
 publisher = {ACM},
 address = {New York, NY, USA},
} 

@inproceedings{Golle:2009,
 author = {Golle, Philippe and Partridge, Kurt},
 title = {On the Anonymity of Home/Work Location Pairs},
 booktitle = {International Conference on Pervasive Computing (PERVASIVE)},
 year = {2009},
 isbn = {978-3-642-01515-1},
 pages = {390--397},
 numpages = {8},
 acmid = {1560038},
}
@article{rapp:geometric,
  title={Geometric Geodesy: Part I},
  author={Rapp, Richard H},
  journal={Lecture Notes},
  year={1991}
}
@article{levenshtein:1966,
  added-at = {2008-03-15T10:37:17.000+0100},
  author = {Levenshtein, VI},
  biburl = {http://www.bibsonomy.org/bibtex/21a29b294552edb63828d57f3495e2eb2/brightbyte},
  interhash = {55f7ad93fcb9ae3ed999afaa6e24937d},
  intrahash = {1a29b294552edb63828d57f3495e2eb2},
  journal = {Soviet Physics Doklady},
  keywords = {lexicography similarity},
  pages = 707,
  timestamp = {2008-03-15T10:37:17.000+0100},
  title = {{Binary Codes Capable of Correcting Deletions, Insertions and Reversals}},
  volume = 10,
  year = 1966
}
@article{Krumm:2009,
 author = {Krumm, John},
 title = {A survey of computational location privacy},
 journal = {Personal Ubiquitous Comput.},
 issue_date = {August 2009},
 volume = {13},
 number = {6},
 month = aug,
 year = {2009},
 issn = {1617-4909},
 pages = {391--399},
 numpages = {9},
 doi = {10.1007/s00779-008-0212-5},
 acmid = {1569363},
 publisher = {Springer-Verlag},
 address = {London, UK, UK},
 keywords = {Context, Location, Privacy},
} 
@inproceedings{Krumm:2007,
 author = {Krumm, John},
 title = {Inference attacks on location tracks},
 booktitle = {International Conference on Pervasive Computing (PERVASIVE)},
 year = {2007},
 isbn = {978-3-540-72036-2},
 pages = {127--143},
 numpages = {17},
 acmid = {1758167},
 keywords = {inference attack, location, location tracks, privacy},
} 
@inproceedings{Hornyack:2011,
 author = {Hornyack, Peter and Han, Seungyeop and Jung, Jaeyeon and Schechter, Stuart and Wetherall, David},
 title = {These aren't the droids you're looking for: retrofitting android to protect data from imperious applications},
 booktitle = {ACM Conference on Computer and Communications Security (CCS)},
 year = {2011},
 isbn = {978-1-4503-0948-6},
 pages = {639--652},
 numpages = {14},
 doi = {10.1145/2046707.2046780},
 acmid = {2046780},
 keywords = {android, privacy, smartphone},
} 
